@book{王建英2003国际财务管理学,
  title={国际财务管理学},
  author={王建英 and 支晓强 and 袁淳},
  year={2003},
 abstract={本书介绍了国际财务管理导论，环境与国际财务管理，外汇商场与汇率预测，外汇风险管理，国际直接投资，国际营运资金的管理等内容。},
}

@article{宋常2001国际财务管理的整体构架,
  title={国际财务管理的整体构架},
  author={宋常},
  journal={会计之友},
  number={7},
  pages={9-9},
  year={2001},
 abstract={摘　要： 国际财务管理的整体构架系国际理财内容的系统展示,也是国际理财特质的外化表现.该整体构架主要包括:},
}

@article{王化成1996国际财务管理目标研究,
  title={国际财务管理目标研究},
  author={王化成},
  journal={金融论坛},
  number={3},
  pages={28-30},
  year={1996},
 abstract={国际财务管理目标研究王化成当经济活动超越了国界之后，财务管理活动也必然随之超越国界。随着我国经济改革和对外开放的不断发展，我国财务管理也逐渐走向国际化。因此，关于国际财务管理理论和方法的研究，就成为一个十分重要的问题。本文所要论述的，就是国际财务管理...},
}

